%% NOTE: \LaTeX's comment character `%' is not a comment character in
%% the database files.  \BibTeX allows in the database files any
%% comment that's not within an entry.
%%
%% Repositorio de arquivos .bib disponiveis on-line:
%% http://liinwww.ira.uka.de/bibliography/index.html
%% http://www.math.utah.edu/~beebe/bibliographies.html
%%
%% Se voc� tiver problemas com acentos nas entradas do BibTeX, coloque-os
%% entre { e }, como em Jo{�}o ou ainda Jo{\~a}o.

%---------------------------------------------------------
% A A A
%---------------------------------------------------------

%---------------------------------------------------------
% B B B
%---------------------------------------------------------
@article{becker2003colocando,
  title={Colocando luz em quem tem ``id{\'e}ias luminosas``: Compet{\^e}ncias do Empreendedor de Base Tecnol{\'o}gica},
  author={Becker, Grace Vieira and LACOMBE, Beatriz MB},
  journal={Anais 27{\textordmasculine} Encontro da Associa{\c{c}}{\~a}o Nacional de P{\'o}s-Gradua{\c{c}}{\~a}o em Administra{\c{c}}{\~a}o. Atibaia-SP},
  year={2003}
}

@article{beck2001agile,
  title={The agile manifesto},
  author={Beck, Kent and Beedle, Mike and van Bennekum, Arie and Cockburn, Alistair and Cunningham, Ward and Fowler, Martin and Grenning, James and Highsmith, Jim and Hunt, Andrew and Jeffries, Ron and others},
  journal={http://www. agilemanifesto. org/principles. html. Acesso em},
  volume={7},
  number={08},
  pages={2009},
  year={2001}
}

@book{baron2007empreendedorismo,
  title={Empreendedorismo: uma vis{\~a}o do processo},
  author={Baron, Robert A and Shane, Scott A},
  year={2007},
  publisher={Thomson Learning}
}

@book{blank2012startup,
  title={The startup owner's manual: the step-by-step guide for building a great company},
  author={Blank, Steven Gary and Dorf, Bob},
  year={2012},
  publisher={K\&S Ranch, Incorporated}
}

%---------------------------------------------------------
% C C C
%---------------------------------------------------------

%---------------------------------------------------------
% D D D
%---------------------------------------------------------
@article{da2011dimensao,
  title={A Dimens{\~a}o Hist{\'o}rica dos Discursos acerca do Empreendedor e do Empreendedorismo},
  author={da Costa, Alessandra Mello and Barros, Denise Franca and Carvalho, Jos{\'e} Luis Felicio},
  journal={RAC. Revista de Administra{\c{c}}{\~a}o Contempor{\^a}nea},
  number={2},
  pages={179--197},
  year={2011},
  publisher={SciELO Brasil}
}

@book{dolabela1999segredo,
  title={O segredo de Lu{\'\i}sa},
  author={Dolabela, Fernando},
  year={1999},
  publisher={Cultura Ed. Ass.}
}

@book{dornelas2008empreendedorismo,
  title={Empreendedorismo},
  author={Dornelas, Jos{\'e} Carlos Assis},
  year={2008},
  publisher={Elsevier Brasil}
}

@book{drucker2008inovaccao,
  title={Inova{\c{c}}{\~a}o e ep{\'\i}rito empreendedor},
  author={Drucker, Peter Ferdinand},
  year={2008},
  publisher={Cengage Learning Editores}
}

%---------------------------------------------------------
% E E E
%---------------------------------------------------------

%---------------------------------------------------------
% F F F
%---------------------------------------------------------
@article{farah2008empreendedorismo,
  title={Empreendedorismo estrat{\'e}gico: cria{\c{c}}{\~a}o e gest{\~a}o de pequenas empresas},
  author={FARAH, Osvaldo Elias and CAVALCANTI, Marly and MARCONDES, Luciana Passos},
  journal={S{\~a}o Paulo: Cengage Learning},
  year={2008}
}
%---------------------------------------------------------
% G G G
%---------------------------------------------------------
@book{ghinato1996sistema,
  title={Sistema Toyota de produ{\c{c}}{\~a}o: mais do que simplesmente just-in-time automa{\c{c}}{\~a}o e zero defeitos},
  author={Ghinato, Paulo},
  year={1996},
  publisher={EDUCS}
}

%---------------------------------------------------------
% H H H
%---------------------------------------------------------
@book{hisrich2004empreendedorismo,
  title={Empreendedorismo},
  author={Hisrich, Robert D and Peters, Michael P},
  year={2004},
  publisher={Bookman}
}
%---------------------------------------------------------
% I I I
%---------------------------------------------------------

%---------------------------------------------------------
% J J J
%---------------------------------------------------------
@article{james1997lean,
  title={Is lean manufacture universally relevant? An investigative methodology},
  author={James-Moore, SM and Gibbons, A},
  journal={International Journal of Operations \& Production Management},
  volume={17},
  number={9},
  pages={899--911},
  year={1997},
  publisher={MCB UP Ltd}
}

%---------------------------------------------------------
% K K K
%---------------------------------------------------------
@article{kelley2012global,
  title={The Global Entrepreneurship Monitor},
  author={Kelley, Donna J and Singer, Slavica and Herrington, Michael D},
  journal={2011 Global Report, GEM 2011},
  year={2012}
}
%---------------------------------------------------------
% L L L
%---------------------------------------------------------

%---------------------------------------------------------
% M M M
%---------------------------------------------------------

%---------------------------------------------------------
% N N N
%---------------------------------------------------------

%---------------------------------------------------------
% O O O
%---------------------------------------------------------
@book{osterwalder2010business,
  title={Business model generation: a handbook for visionaries, game changers, and challengers},
  author={Osterwalder, Alexander and Pigneur, Yves},
  year={2010},
  publisher={Wiley}
}
%---------------------------------------------------------
% P P P
%---------------------------------------------------------

%---------------------------------------------------------
% Q Q Q
%---------------------------------------------------------

%---------------------------------------------------------
% R R R
%---------------------------------------------------------
@book{ries2011lean,
  title={The Lean Startup: How today's entrepreneurs use continuous innovation to create radically successful businesses},
  author={Ries, Eric},
  year={2011},
  publisher={Crown Pub}
}
%---------------------------------------------------------
% S S S
%---------------------------------------------------------
@article{deempreendedorismo,
  title={EMPREENDEDORISMO: UM MODELO DE LIDERAN{\c{C}}A PARA O S{\'E}CULO XXI},
  author={de Souza Neto, Silvestre Prado and Sales, Alessandro Heleno Lima},
  year={2012}
}

@article{shah2003lean,
  title={Lean manufacturing: context, practice bundles, and performance},
  author={Shah, Rachna and Ward, Peter T},
  journal={Journal of Operations Management},
  volume={21},
  number={2},
  pages={129--149},
  year={2003},
  publisher={Elsevier}
}

@book{schumpeter1982teoria,
  title={Teoria do desenvolvimento econ{\^o}mico: uma investiga{\c{c}}{\~a}o sobre lucros, capital, cr{\'e}dito, juro e o ciclo econ{\^o}mico},
  author={Schumpeter, Joseph Alois},
  year={1982},
  publisher={Abril Cultural}
}
%---------------------------------------------------------
% T T T
%---------------------------------------------------------
@book{timmons1994new,
  title={New venture creation: Entrepreneurship for the 21st century},
  author={Timmons, Jeffry A and Spinelli, Stephen},
  volume={4},
  year={1994},
  publisher={Irwin Homewood}
}
%---------------------------------------------------------
% U U U
%---------------------------------------------------------

%---------------------------------------------------------
% V V V
%---------------------------------------------------------

%---------------------------------------------------------
% W W W
%---------------------------------------------------------
@book{womack2004mentalidade,
  title={A mentalidade enxuta nas empresas lean thinking: elimine o desperd{\'\i}cio e crie riqueza},
  author={Womack, James P and Jones, Daniel T and Rodrigues, Ana Beatriz and Celeste, Priscilla Martins Celeste},
  year={2004},
  publisher={Elsevier Editora}
}

%---------------------------------------------------------
% X X X
%---------------------------------------------------------

%---------------------------------------------------------
% Y Y Y
%---------------------------------------------------------

%---------------------------------------------------------
% Z Z Z
%---------------------------------------------------------

%%%%%%%%%%%%%%%%%%%%%%%%%%%%%%%%%%%%%%%%%%%%%%%%%%%%%%%%%%
%% Below is a description of all fields recognized by the standard
%% bibliography styles.  An entry can also contain other fields, which
%% are ignored by those styles.

%% address
%% Usually the address of the publisher or other type of institution.
%% For major publishing houses, van Leunen recommends omitting the
%% information entirely. For small publishers, on the other hand, you
%% can help the reader by giving the complete address.

%% annote
%% An annotation.  It is not used by the standard bibliography styles,
%% but may be used by others that produce an annotated bibliography.

%% author
%% The name(s) of the author(s),
%% in the format described in the \LaTeX\ book.

%% booktitle
%% Title of a book, part of which is being cited.  See the \LaTeX\
%% book for how to type titles.  For book entries, use the title field
%% instead.

%% chapter
%% A chapter (or section or whatever) number.

%% crossref
%% The database key of the entry being cross referenced.

%% edition
%% The edition of a book---for example, ``Second''.  This should be an
%% ordinal, and should have the first letter capitalized, as shown
%% here; the standard styles convert to lower case when necessary.

%% editor
%% Name(s) of editor(s), typed as indicated in the \LaTeX\ book.  If
%% there is also an author field, then the editor field gives the
%% editor of the book or collection in which the reference appears.

%% howpublished
%% How something strange has been published.  The first word should be
%% capitalized.

%% institution
%% The sponsoring institution of a technical report.

%% journal
%% A journal name.  Abbreviations are provided for many journals; see
%% the Local Guide.

%% key
%% Used for alphabetizing, cross referencing, and creating a label
%% when the ``author'' information (described in Section
%% odds-and-ends) is missing.  This field should not be confused with
%% the key that appears in the \cite command and at the beginning of
%% the database entry.

%% month
%% The month in which the work was published or, for an unpublished
%% work, in which it was written.  You should use the standard
%% three-letter abbreviation, as described in Appendix B.1.3 of the
%% \LaTeX\ book.

%% note
%% Any additional information that can help the reader.  The first
%% word should be capitalized.

%% number
%% The number of a journal, magazine, technical report, or of a work
%% in a series.  An issue of a journal or magazine is usually
%% identified by its volume and number; the organization that issues a
%% technical report usually gives it a number; and sometimes books are
%% given numbers in a named series.

%% organization
%% The organization that sponsors a conference or that publishes a
%% manual.

%% pages
%% One or more page numbers or range of numbers, such as 42--111 or
%% 7,41,73--97 or 43+ (the `+' in this last example indicates pages
%% following that don't form a simple range).  To make it easier to
%% maintain Scribe-compatible databases, the standard styles convert a
%% single dash (as in 7-33) to the double dash used in \TeX\ to denote
%% number ranges (as in 7--33}).

%% publisher
%% The publisher's name.

%% school
%% The name of the school where a thesis was written.

%% series
%% The name of a series or set of books.  When citing an entire book,
%% the the title field gives its title and an optional series field
%% gives the name of a series or multi-volume set in which the book is
%% published.

%% title
%% The work's title, typed as explained in the \LaTeX\ book.

%% type
%% The type of a technical report---for example, ``Research Note''.

%% volume
%% The volume of a journal or multivolume book.

%% year
%% The year of publication or, for an unpublished work, the year it
%% was written.  Generally it should consist of four numerals, such as
%% 1984, although the standard styles can handle any year whose last
%% four nonpunctuation characters are numerals, such as about 1984.
%%%%%%%%%%%%%%%%%%%%%%%%%%%%%%%%%%%%%%%%%%%%%%%%%%%%%%%%%%
